@COMMENT{{This file has been generated by bib2bib 1.85}}

@COMMENT{{Command line: ./bib2bib -r -s year Presentations.bib}}

@INPROCEEDINGS{CactusPresentations_Goodale04a,
  author = {Tom Goodale},
  title = {{Cactus 4.0: An Introduction and Perspectives on Future Plans}},
  urlpdf = {http://www.cactuscode.org/Documentation/presentations/cactusIntroAndFutureJanuary04.pdf},
  note = {Description: On web},
  month = { January},
  year = {2004}
}

@INPROCEEDINGS{CactusPresentations_Dramlitsch01a,
  author = {Thomas Dramlitsch},
  title = {{Supporting Efficient Execution in Heterogeneous Distributed Computing Environments with Cactus and Globus}},
  urlpdf = {http://www.cactuscode.org/Documentation/presentations/sc2001November01.pdf},
  note = {Description: SC2001 - Denver, USA},
  month = {November 10-16},
  year = {2001}
}

@INPROCEEDINGS{CactusPresentations_Allen01a,
  author = {Gabrielle Allen},
  title = {{Cactus Grid Computing}},
  urlpdf = {http://www.cactuscode.org/Documentation/presentations/europarAugust01.pdf},
  note = {Description: Europar - Manchester, UK},
  month = {August 28-31},
  year = {2001}
}

@INPROCEEDINGS{CactusPresentations_Seidel01a,
  author = {Ed Seidel},
  title = {{GridLab: Dynamics Grid Applications for Science and Engineering}},
  urlpdf = {http://www.cactuscode.org/Documentation/presentations/ncsaAugust01.pdf},
  note = {Description: NCSA - Champaign-Urbana, USA},
  month = {August},
  year = {2001}
}

@INPROCEEDINGS{CactusPresentations_Dramlitsch01b,
  author = {Thomas Dramlitsch},
  title = {{Efficient Techniques for Large Scale Distributed Computing}},
  urlpdf = {http://www.cactuscode.org/Documentation/presentations/globusRetreatAugust01.sdd},
  note = {Description: Globus Retreat - San Francisco, USA},
  month = {August 9-10},
  year = {2001}
}

@INPROCEEDINGS{CactusPresentations_Russell01a,
  author = {Michael Russell and John Shalf},
  title = {{The Astrophysics Simulations Collaboratory Portal: Case Study of Grid Enabled Application Environment}},
  urlpdf = {http://www.cactuscode.org/Documentation/presentations/hpdc10August01.pdf},
  note = {Description: Presentation at the Tenth IEEE International Symposium on High Performance Distributed Computing (HPDC10) - San Francisco, USA},
  month = {August 7-9},
  year = {2001}
}

@INPROCEEDINGS{CactusPresentations_Allen01b,
  author = {Gabrielle Allen},
  title = {{Numerical Relativity with Cactus}},
  urlpdf = {http://www.cactuscode.org/Documentation/presentations/gr16July01.pdf},
  note = {Description: Numerical Relativity Workshop, Satellite Meeting of GR16 - Johannesberg, South Africa},
  month = {July},
  year = {2001}
}

@INPROCEEDINGS{CactusPresentations_Seidel01b,
  author = {Ed Seidel},
  title = {{Cactus and Dynamic Grid Computing}},
  note = {Description: First EuroGlobus meeting - Marina di Ugento, Lecce},
  month = {June 17-23},
  year = {2001}
}

@INPROCEEDINGS{CactusPresentations_Allen01c,
  author = {Gabrielle Allen},
  title = {{Cactus Code and Collaborative Working}},
  urlpdf = {http://www.cactuscode.org/Documentation/presentations/aceJuly01.pdf},
  note = {Description: Presentation at Advanced Collaborative Environments working group. Secon Global Grid Forum - Washington DC, USA},
  month = {July 15-18},
  year = {2001}
}

@INPROCEEDINGS{CactusPresentations_Allen01d,
  author = {Gabrielle Allen},
  title = {{Applications for the Grid}},
  urlpdf = {http://www.cactuscode.org/Documentation/presentations/appsMarch01.pdf},
  note = {Description: Applications Working Group, Global Grid Forum 1 - Amsterdam. Description of how applications could be making new uses of Grid resources.},
  month = {March 6},
  year = {2001}
}

@INPROCEEDINGS{CactusPresentations_Allen01e,
  author = {Gabrielle Allen},
  title = {{Cactus Code and Grid Programming}},
  urlpdf = {http://www.cactuscode.org/Documentation/presentations/apmMarch01.pdf},
  note = {Description: Advanced Programming Models Working Group, Global Grid Forum I - Amsterdam. Features of Cactus either existing or missing, for Grid programming.},
  month = {March 5},
  year = {2001}
}

@INPROCEEDINGS{CactusPresentations_Allen01f,
  author = {Gabrielle Allen},
  title = {{Cactus Tools for the Grid}},
  urlpdf = {http://www.cactuscode.org/Documentation/presentations/astroGridJanuary01.pdf},
  note = {Description: First Astro-Grid Workshop - Belfast. Current capabilities for Grid computing with Cactus, concentrating on remote viz, steering and monitoring.},
  month = {January 29},
  year = {2001}
}

@INPROCEEDINGS{CactusPresentations_Allen00a,
  author = {Gabrielle Allen},
  title = {{The Cactus Code: A Parallel, Collaborative, Framework for Large Scale Computing}},
  urlpdf = {http://www.cactuscode.org/Documentation/presentations/imperialDecember00.pdf},
  note = {Description: Seminar at Imperial College, University of London  - London. Overview and details about grid computing, especially dynamic scenarios.},
  month = {December 12},
  year = {2000}
}

@INPROCEEDINGS{CactusPresentations_Seidel00a,
  author = {Ed Seidel},
  title = {{Dynamic Grid Computing: The Cactus Worm}},
  urlpdf = {http://www.cactuscode.org/Documentation/presentations/dallasNovember00.pdf},
  note = {Description: Talk presented at Supercomputing 2000  - Dallas. The EGrid TestBed and the applications designed with Cactus and Globus to exploit it.},
  month = {November 5-10},
  year = {2000}
}

@INPROCEEDINGS{CactusPresentations_Seidel00b,
  author = {Ed Seidel},
  title = {{Using Supercomputers to Collide Black Holes: Solving Einstein's Equations on the Grid}},
  urlpdf = {http://www.cactuscode.org/Documentation/presentations/krakowOctober00.pdf},
  note = {Description: Talk presented at SGI Users Meeting - Krakow.	Description of Numerical Relativity problems investigated with Cactus, and associated Grid projects.  },
  month = {October 11-15},
  year = {2000}
}

@INPROCEEDINGS{CactusPresentations_Lanfermann00a,
  author = {Gerd Lanfermann},
  title = {{The CactusCode - an Application Framework for Parallel Computing}},
  urlpdf = {http://www.cactuscode.org/Documentation/presentations/barcelonaHiper2000.ppt},
  note = {Description: Invited Tutorial at the HP Users conference 2000 in Barcelona.Overview of the key concepts of the Cactus development framework, explaining its problem-solving potential and demonstrating some of its advanced steering and visualization capabilities.},
  year = {2000}
}

@INPROCEEDINGS{CactusPresentations_Allen00b,
  author = {Gabrielle Allen},
  title = {{Numerical Relativity Using Cactus}},
  urlpdf = {http://www.cactuscode.org/Documentation/presentations/parmaSeptember00.sdd},
  note = {Description: Talk presented at IX Seminario Nazionale Di Fisica Teorica - Parma. Outlines using Cactus for relativistic applications, used in conjuction with Tutorial slides.},
  month = {September 11-12},
  year = {2000}
}

@INPROCEEDINGS{CactusPresentations_Benger00a,
  author = {Werner Benger},
  title = {{Porting CCTK to NT at the Cornell Velocity NT Cluster}},
  urlpdf = {http://www.cactuscode.org/Documentation/presentations/cornell2August00.pdf},
  note = {Description: Cornell Theory Center  - Ithaca. Problems/solutions porting Cactus to Cornell's NT Cluster },
  month = {August 23},
  year = {2000}
}

@INPROCEEDINGS{CactusPresentations_Benger00b,
  author = {Werner Benger},
  title = {{CCTK The Cactus Computational Toolkit}},
  urlpdf = {http://www.cactuscode.org/Documentation/presentations/cornell1August00.pdf},
  note = {Description:  Cornell Theory Center - Ithaca. Overview of Cactus Code and Computational Toolkit},
  month = {August 15},
  year = {2000}
}

@INPROCEEDINGS{CactusPresentations_Allen00c,
  author = {Gabrielle Allen},
  title = {{The Cactus Code: A Parallel, Collaborative Framework for Large Scale Computing}},
  urlpdf = {http://www.cactuscode.org/Documentation/presentations/sciCompAugust00.sdd},
  note = {Description: Talk presented at SciComp2000 - San Diego. Overview of Cactus concentrating on current projects with remote and distributed computing.},
  month = {August 14},
  year = {2000}
}

@INPROCEEDINGS{CactusPresentations_Allen00d,
  author = {Gabrielle Allen},
  title = {{The Cactus Code: A Problem Solving Environment for the Grid }},
  urlpdf = {http://www.cactuscode.org/Documentation/presentations/hpdc9August00.pdf},
  note = {Description: Talk presented HPDC 9  - Pittsburgh. Overview of Cactus concentrating on current projects with remote and distributed computing},
  month = {August 4},
  year = {2000}
}

@INPROCEEDINGS{CactusPresentations_Dramlitsch00a,
  author = {Thomas Dramlitsch},
  title = {{Exploring Distributed Computing Techniques with Cactus and Globus}},
  urlpdf = {http://www.cactuscode.org/Documentation/presentations/globusRetreatAugust00.pdf},
  note = {Description: Talk presented at Globus Retreat - Pittsburgh. Discussion and results from current experiments with distributed computing.},
  month = {August 1},
  year = {2000}
}

@INPROCEEDINGS{CactusPresentations_Seidel00c,
  author = {Ed Seidel},
  title = {{Cactus/TIKSL/KDI/Portal Synch Day}},
  urlpdf = {http://www.cactuscode.org/Documentation/presentations/ncsaJuly00.pdf},
  note = {Description: Talk presented Cactus Discussion Day  - NCSA. Concentrates on current projects involving Cactus},
  month = {July 28},
  year = {2000}
}

@INPROCEEDINGS{CactusPresentations_Seidel00d,
  author = {Ed Seidel },
  title = {{Cactus in GrADs}},
  urlpdf = {http://www.cactuscode.org/Documentation/presentations/gradsJuly00.pdf},
  note = {Description: Talk presented at GrADs meeting - Argonne National Laboratoy. Concentrates on portal issues. },
  month = {July 24},
  year = {2000}
}

@INPROCEEDINGS{CactusPresentations_Seidel00e,
  author = {Ed Seidel},
  title = {{Cactus: Developing Parallel Computational Tools to Study Black Hole, Neutron Star (or Airplane) Collisions}},
  urlpdf = {http://www.cactuscode.org/Documentation/presentations/boeingJuly00.pdf},
  note = {Description: Talk presented at Boeing - Seattle.},
  month = {July 12},
  year = {2000}
}

@INPROCEEDINGS{CactusPresentations_Lanfermann00b,
  author = {Gerd Lanfermann},
  title = {{Cactus in a Nutshell}},
  urlpdf = {http://www.cactuscode.org/Documentation/presentations/sunHpcJune2000.pdf},
  note = {Description: Talk presented at Sun HPC Consortium - Mannheim.},
  month = {June},
  year = {2000}
}

@INPROCEEDINGS{CactusPresentations_Goodale00a,
  author = {Tom Goodale},
  title = {{Cactus - The Future}},
  urlpdf = {http://www.cactuscode.org/Documentation/presentations/mannheimJune2000.sdd},
  note = {Description:  Talk presented at Supercomputing 2000 - Mannheim.},
  month = {June},
  year = {2000}
}

@INPROCEEDINGS{CactusPresentations_Goodale00b,
  author = {Tom Goodale},
  title = {{The Cactus Computational Toolkit}},
  urlpdf = {http://www.cactuscode.org/Documentation/presentations/manchesterJune2000.sdd},
  note = {Description:  Talk presented at Manchester Computer Center - Manchester.},
  month = {June},
  year = {2000}
}

@INPROCEEDINGS{CactusPresentations_Allen00e,
  author = {Gabrielle Allen},
  title = {{The Cactus Code: A Framework for Parallel Computing}},
  urlpdf = {http://www.cactuscode.org/Documentation/presentations/lblMay00.pdf},
  note = {Description: Talk presented at Conundrum Series, Lawrence Berkeley Laboratory - Berkeley},
  month = {May},
  year = {2000}
}

@INPROCEEDINGS{CactusPresentations_Goodale00c,
  author = {Tom Goodale},
  title = {{Cactus Computational Toolkit}},
  urlpdf = {http://www.cactuscode.org/Documentation/presentations/garchingMarch00.sdd},
  note = {Description: Seminar at University of Southampton - Southampton. },
  month = {February},
  year = {2000}
}

@INPROCEEDINGS{CactusPresentations_Goodale00d,
  author = {Tom Goodale},
  title = {{The Cactus Code for Numerical Relativity}},
  urlpdf = {http://www.cactuscode.org/Documentation/presentations/garchingMarch00.sdd},
  note = {Description:  Talk presented to Max Planck Institute for Astrophysics - Garching.},
  month = {March},
  year = {2000}
}

@INPROCEEDINGS{CactusPresentations_Allen00f,
  author = {Gabrielle Allen},
  title = {{The Cactus Code}},
  urlpdf = {http://www.cactuscode.org/Documentation/presentations/gradsFebruary00.pdf},
  note = {Description: Talk presented at GrADs Meeting - San Diego.},
  month = {February},
  year = {2000}
}

@INPROCEEDINGS{CactusPresentations_Goodale99a,
  author = {Tom Goodale},
  title = {{The Cactus Computational Toolkit}},
  urlpdf = {http://www.cactuscode.org/Documentation/presentations/fbSeptember99.sdd},
  note = {Description: Talk presented to AEI Fachbereit (Advisory Board) - Potsdam },
  month = {September},
  year = {1999}
}

@INPROCEEDINGS{CactusPresentations_Allen99a,
  author = {Gabrielle Allen},
  title = {{Cactus 4.0}},
  urlpdf = {http://www.cactuscode.org/Documentation/presentations/hpdc8August99.pdf},
  note = {Description: Plenary talk, HPDC8 1999 - Redondo Beach},
  month = {August},
  year = {1999}
}

@INPROCEEDINGS{CactusPresentations_Allen99b,
  author = {Gabrielle Allen},
  title = {{MetaComputing Within the Cactus Framework}},
  urlpdf = {http://www.cactuscode.org/Documentation/presentations/globusRetreatAugust99.pdf},
  note = {Description: Globus Retreat 1999 - Redondo Beach.},
  month = {August},
  year = {1999}
}

@INPROCEEDINGS{CactusPresentations_Allen99c,
  author = {Gabrielle Allen},
  title = {{A First Tutorial of Cactus 4.0: The 3D Scalar Wave Equation}},
  urlpdf = {http://www.cactuscode.org/Documentation/presentations/NCSA1999/},
  note = {Description: On-line Tutorial which provides simple and concise presentation for an easy quick start with cactus.},
  year = {1999}
}

@INPROCEEDINGS{CactusPresentations_Masso97a,
  author = {Joan Masso},
  title = {{Cactus: Thorny Problems in Numerical Relativity}},
  urlpdf = {http://www.cactuscode.org/Documentation/presentations/fachbeirat.pdf},
  note = {Description: Slides from the cactus talk given to the AEI Fachbeirat (advisory board), Sep 1997. Concentrates on the motivation behind the first version of the code.},
  month = {September},
  year = {1997}
}

@INPROCEEDINGS{CactusPresentations_Walker,
  author = {Paul Walker},
  title = {{The Cactus Code: Computational Issues in 3-D Numerical Relativity}},
  urlpdf = {http://www.cactuscode.org/Documentation/presentations/garching.pdf},
  note = {Description: Talk given at the Max Planck Garching Computing Center.	Concentrates on the computational decisions in Cactus 1.0.},
  month = {},
  year = {}
}

