@misc{Cactus_miller-2003-,
  	keyword={numrel, general}, 
  	author = {Mark Miller and Wai-Mo Suen},
  	title = {Towards a Realistic Neutron Star Binary Inspiral},
  	urlpdf = {http://arxiv.org/abs/gr-qc/0301112},
  	eprint = {gr-qc/0301112},
  	year = {2003},
}

%Article{Cactus_Miller:2003vc,
%     keyword={numrel, general}, 
%     author    = "Miller, Mark and Gressman, Philip and Suen, Wai-Mo",
%     title     = "Towards a Realistic Neutron Star Binary Inspiral: Initial    Data and Multiple Orbit Evolution in Full General  Relativity",
%     journal   = "Phys. Rev. D",
%     volume    = "69",
%     year      = "2004",
%     pages     = "064026",
%     url    = "http://arxiv.org/abs/gr-qc/0312030",
%     SLACcitation  = "%%CITATION = GR-QC 0312030;%%"
%}

%Article{Cactus_Miller03c,
%  keyword={numrel, general}, 
%  author  =       {Mark Miller},
%  title   =       {On the circular orbit approximation for initial data     in numerical relativity},
%  journal = "Phys. Rev. D",
%  volume  = "69",
%  year    = {2004},
%  pages   = "124013",
%  url =  {http://arxiv.org/abs/gr-qc/0305024}
%}

%
%Article{Cactus_Miller:2005qu,
%     keyword={numrel, general}, 
%     author    = "Miller, Mark",
%     title     = "Accuracy requirements for the calculation of gravitational waveforms from coalescing compact binaries in numerical    relativity",
%     year      = "2005",
%     url    = "http://arxiv.org/abs/gr-qc/0502087",
%     SLACcitation  = "%%CITATION = GR-QC 0502087;%%"
%}

%Article{Cactus_Miller05,
%  keyword={numrel, general}, 
%  author  = {M. Coleman Miller},
%  title   = {Prompt Mergers of Neutron Stars with Black Holes},
%  year    = {2005},
%  volume  = {626},
%  pages   = {L41},
%  journal = {Astrophys. J.},
%}


@unpublished{Cactus_Alcubierre2003:co-rotating-shift,
        keyword={numrel, general}, 
 	author = {Miguel Alcubierre and Peter Diener
                  and Francisco Siddhartha Guzm{\'{a}}n
                  and Scott Hawley and Michael Koppitz and Denis Pollney
                  and Edward Seidel},
        title = "Shift {C}onditions for {O}rbiting {B}inaries
                 in {N}umerical {R}elativity",
        note = "in preparation",
        year = 2005
        }


@article{Cactus_Campanelli06e,
 	keyword={numrel, general}, 
  	author = {M. Campanelli and B. J. Kelly and C. O. Lousto},
  	title = {{The Lazarus Project. II. Spacelike extraction with the quasi-Kinnersley  tetrad}},
  	journal = {Physical Review D},
  	volume = {73},
  	pages = {064005},
  	url = {http://arXiv.org/abs/gr-qc/0510122},
  	eprint = {gr-qc/0510122},
  	year = {2006}
}


@Article{Cactus_Dimmelmeier04,
  	keyword={numrel, general}, 
 	author = {Harald Dimmelmeier and Jerome Novak and Jose A. Font and Jose M. Ibanez and Ewald M{\"{u}}ller},
  	title =  {{``Mariage des Maillages'': {A} new numerical approach for {3D} relativistic core collapse simulations}},
  	year = {2004},
	url = {http://arxiv.org/abs/astro-ph/0407174},
	eprint = {astro-ph/0407174},
}


@article{Cactus_stergioulas-2001-86,
  	keyword={numrel, general}, 
 	author = {Nikolaos Stergioulas and Jose A Font},
  	title = {Nonlinear r-modes in Rapidly Rotating Relativistic Stars},
  	journal = {Physical Review Letters},
  	volume = {86},
  	pages = {1148},
  	url = {http://arXiv.org/abs/gr-qc/0007086},
	eprint = {gr-qc/0007086},
  	year = {2001}
}


@article{Cactus_baker-2002-65,
 	 keyword={numrel, general}, 
 	 author = {J Baker and M Campanelli and C O Lousto and R Takahashi},
 	 title = {Modeling gravitational radiation from coalescing binary black 
		holes},
 	 journal = {Physical Review D},
 	 volume = {65},
 	 pages = {124012},
 	 url = {http://arXiv.org/abs/astro-ph/0202469},
	eprint = {astro-ph/0202469},
  	year = {2002}
}


@Article{Cactus_Alcubierre98b,
 	keyword={numrel, general}, 
 	author  = {M. Alcubierre and S. Brandt and B. Br{\"{u}}gmann and  C. Gundlach 
	and J. Mass{\'{o}} and E. Seidel and P. Walker},
  	title   = {Test-beds and applications for apparent horizon finders in numerical relativity},
  	journal = {Class. Quantum Grav.},
  	year    = {2000},
  	volume  = 17,
  	pages   = {2159-2190},
 	url  = {http://arxiv.org/abs/gr-qc/9809004},
  	eprint = {gr-qc/9809004},	
}


@article{Cactus_Gundlach00a,
        keyword={numrel, general}, 
 author = {C. Gundlach},
        title = {Critical phenomena in gravitational collapse},
        journal = {Living Rev. Rel.},
        volume  = {2},
        year    = {1999},
        pages   = {4},
        url = {http://arxiv.org/abs/gr-qc/0001046},
	eprint = {gr-qc/0001046},
}


@Article{Cactus_Seidel98c,
  	key = {Seidel98c},
  	keyword={numrel, general}, 
  	author = {Edward Seidel and Wai-Mo Suen},
  	title = {Numerical relativity as a tool for computational astrophysics},
  	journal = {J. Comp. Appl. Math.},
  	year = {1999},
  	volume = {109},
  	pages = {493},
  	url = {http://arxiv.org/abs/gr-qc/9904014},
  	eprint = {gr-qc/9904014},
}



@article{Cactus_Baiotti04b,
  	key =          {Baiotti04b},
  	keyword={numrel, general}, 
  	author =       {Luca Baiotti and Ian Hawke and Luciano Rezzolla and Erik Schnetter},
  	title =        {Gravitational-Wave Emission from Rotating Gravitational 
			Collapse in three Dimensions},
  	journal =      {Phys. Rev. Lett.},
  	volume =       94,
  	year =         2005,
  	pages =        131101,
 	url =       {http://arxiv.org/abs/gr-qc/0503016},
	eprint = {gr-qc/0503016},
}


@MISC{Cactus_Loffler06a,
	keyword = {general, numrel},
  	author = {Frank L{\"{o}}ffler and Luciano Rezzolla and Marcus Ansorg},
  	title = {Numerical evolutions of a black hole-neutron star system in full General  Relativity},
  	urlpdf = {http://arXiv.org/abs/gr-qc/0606104},
	eprint  = {gr-qc/0606104},
	year = {2006}
}



@article{Cactus_Gundlach97a,
        key     = {Gundlach97a},
        keyword={numrel, general}, 
 	author  = {C. Gundlach},
        title   = {Pseudo-spectral apparent horizon finders: An efficient new algorithm},
        journal = {Phys. Rev. D},
        volume  = {57},
        year    = {1998},
        url = {http://arxiv.org/abs/gr-qc/9707050},
	eprint = {gr-qc/9707050},
        pages   = {863-875}
}


@article{Cactus_lastone,
 	 keyword={numrel, general}, 
  	 author =  {Burkhard Zink and Nikolaos Stergioulas and Ian Hawke and Christian D. Ott and Erik Schnetter and Ewald M{\"{u}}ller},
  	title =  {Black hole formation through fragmentation of toroidal polytropes},
  	year =  {2005},
  	url =  {http://arxiv.org/abs/gr-qc/0501080},
	eprint = {gr-qc/0501080},
}


@article{Cactus_brandt-2000-124,
  keyword={numrel, general}, 
 author = {S Brandt and J A Font and J M Ibanez and J Mass{\'{o}} and E Seidel},
  title = {Numerical evolution of matter in dynamical axisymmetric black hole   spacetimes. I. Methods and tests},
  journal = {Computer Physics Communications},
  volume = {124},
  pages = {169},
  url = {http://arXiv.org/abs/gr-qc/9807017},
	eprint = {gr-qc/9807017},
  year = {2000}
}


@article{Cactus_Alcubierre00b,
   	keyword={numrel, general}, 
 	author  = {M. Alcubierre and W. Benger and B. Br{\"{u}}gmann and G. Lanfermann and
              L. Nerger and E. Seidel and R. Takahashi},
   	title   = {{3D} {G}razing {C}ollision of {T}wo {B}lack {H}oles},
   	journal = {Phys. Rev. Lett.},
   	volume  = {87},
   	pages   = {271103},
   	year    = {2001},
   	url    = {http://arxiv.org/abs/gr-qc/0012079},
	eprint = {gr-qc/0012079},
}


@Article{Cactus_Husa:2003su,
     	keyword={numrel, general}, 
 	author    = "Husa, Sascha and Lechner, Christiane",
     	title     = "Computer Algebra Applications for Numerical Relativity",
     	year      = "2003",
     	url = "http://arxiv.org/abs/gr-qc/0301076",
	eprint = {gr-qc/0301076},
     	SLACcitation  = "%%CITATION = GR-QC 0301076;%%",
}


@article{Cactus_Schnetter03a,
  	keyword={numrel, general}, 
 	author =       {Erik Schnetter},
  	title =        {Finding Apparent Horizons and other Two-Surfaces of Constant Expansion},
  	journal =      {Class. Quantum Grav.},
  	year =         2003,
  	volume =       20,
  	number =       22,
  	pages =        {4719-4737},
	eprint = {gr-qc/0306006},
  	urlpdf =       {http://arxiv.org/abs/gr-qc/0306006},
  	url =          {http://stacks.iop.org/0264-9381/20/4719},
}


@article{Cactus_Arbona99,
        keyword={numrel, general}, 
 	author = {A. Arbona and C. Bona and J. Mass{\'{o}} and J. Stela},
        title = {{Robust evolution system for Numerical Relativity}},
        journal = {Phys. Rev. D},
        volume = {60},
        year = {1999},
        pages = {104014},
        url = {http://arxiv.org/abs/gr-qc/9902053},  
	eprint = {gr-qc/9902053},
}


@MISC{Cactus_Baiotti06a,
	keyword = {general, numrel},
  	author = {Luca Baiotti and Roberto {De Pietri} and Gian Mario Manca and Luciano Rezzolla},
  	title = {{Accurate simulations of the dynamical barmode instability in full  General Relativity}},
  	url = {http://arXiv.org/abs/astro-ph/0609473},
 	year = {2006},
	eprint = {astro-ph/0609473},
	abstract = {},
}


@Article{Cactus_Font98b,
        key     = {Font98b},
        keyword={numrel, general}, 
 	author  = {J.~A. Font and M. Miller and W.~-M. Suen and M. Tobias},
        title   = {Three-dimensional numerical general relativistic hydrodynamics: {F}ormulations, methods, and code tests},
        year    = {2000},
        journal = {Phys. Rev. D},
        volume  = {61},
        pages   = {044011},
        url = {http://arxiv.org/abs/gr-qc/9811015},
	eprint = {gr-qc/9811015},
}


%Article{Cactus_Font98f,
%        key     = {Font98f},
%        keyword={numrel, general}, 
%        author  = {J.~A. Font and M. Miller and W.~-M. Suen and M. Tobias},
%        title   = {{PAPS} Supplement to Three Dimensional Numerical General
%                   Relativistic Hydrodynamics {I}: Formulations, Methods, and
%                   Code Tests},
%        year    = {2000},
%}

%Article{Cactus_Font99,
%        key     = {Font99},
%        keyword={numrel, general}, 
%        author  = {J.~A. Font and N. Stergioulas and K.~D. Kokkotas},
%        title   = {Nonlinear Hydrodynamical Evolution of Rotating Relativistic Stars: Numerical Methods and Code Tests},
%        year    = {2000},
%        journal = {Mon. Not. R. Astron. Soc.},
%        volume  = {313},
%        pages   = {678},
%        note  = {}
%}

%Article{Cactus_Font99a,
%        key     = {Font99a},
%        keyword={numrel, general}, 
%        author  = {J.~A. Font and T. Goodale and M. Miller and N. Stergioulas 
%and M. Tobias},
%        title   = {Three Dimensional Numerical General Relativistic
%                   Hydrodynamics {II}: Code Tests},
%        year    = {1999},
%        note    = {in preparation},
%}

%Article{Cactus_Font00,
%        key     = {Font00},
%        keyword={numrel, general}, 
%        author  = {J.~A. Font},
%        title   = {Numerical hydrodynamics in general relativity},
%        year    = {2000},
%        journal = {Living Rev. Rel.},
%        volume  = {2000-2}
%}

%; see Font98b !
%Article{Cactus_Font00b,
%        key     = {Font00b},
%        keyword={numrel, general}, 
%        author  = {J. A. Font and M. Miller and W. M. Suen and M. Tobias},
%        title   = {},
%        year    = {2000},
%        journal = {Phys. Rev. D},
%        volume  = {61},
%        pages   = {044011},
%        note  = {}
%}

%Article{Cactus_Font01,
%        key     = {Font01},
%        keyword={numrel, general}, 
%        author  = {J.~A. Font and H. Dimmelmeier and A. Gupta and N. Stergioulas},
%        title   = {Axisymmetric Modes of Rotating Relativistic Stars in the Cowling Approximation},
%        year    = {2001},
%        journal = {Mon. Not. R. Astron. Soc.},
%        volume  = {},
%        pages   = {},
%        note  = {in press, astro-ph/0012477}
%}


@article{Cactus_tichy-2003-67,
 	 keyword={numrel, general}, 
 	 author = {W Tichy and B Br{\"{u}}gmann and M Campanelli and P Diener},
 	 title = {Binary black hole initial data for numerical general relativity based   on post-Newtonian data},
  	journal = {Physical Review D},
  	volume = {67},
  	pages = {064008},
  	url = {http://arXiv.org/abs/gr-qc/0207011},
	eprint = {gr-qc/0207011},
  	year = {2003}
}


@article{Cactus_Baker02a,
        keyword={numrel, general}, 
 	author  = {B. D. Baker},
        title        = {Binary Black Holes in Quasi-Stationary Circular Orbits},
        year        = {2002},
        url        = {http://arxiv.org/abs/gr-qc/0205082},
	eprint = {gr-qc/0205082},
}

%Article{Cactus_Balakrishna96a,
%  	key =          {Balakrishna96a},
%  	keyword={numrel, general}, 
% 	author =       {J. Balakrishna and G. Daues and E. Seidel and W.-M. Suen and M. Tobias and E. Wang},
%  	title =        {Coordinate conditions in three-dimensional numerical relativity},
%  	journal =      {Class. Quantum Grav.},
%  	volume =       13,
%  	year =         1996,
%  	annote =       {PHY94-07882,PHY94-04788,PHY96-00507},
%  	pages =        {L135-L142}
%}

%Article{Cactus_Balakrishna98a,
%        key     = {Balakrishna98a},
%        keyword={numrel, general}, 
%        author  = {J. Balakrishna and H. Shinkai},
%        title   = {Dynamical Evolution of Boson Stars in {B}rans-{D}icke
%                  Theory},
%        journal = {Phys. Rev. D},
%        volume  = {58},
%        number  = {},
%        year    = {1998},
%        pages   = {044016},
%        OPTnote = {},
%        note    = {},
%                url        = {http://arxiv.org/abs/gr-qc/9712065}
%}

%

%Article{Cactus_Balakrishna98b,
%        key     = {Balakrishna98b},
%        keyword={numrel, general}, 
%        author  = {J. Balakrishna and G.L. Comer and H. Shinkai and E. Seidel and W-M. Suen},
%        title   = {Dynamical Evolution of Boson Stars},
%        journal = {Proceedings of {\it Numerical Astrophysics 98 }(1998 March, Tokyo), Kluwer Academic, to be published},
%        volume  = {},
%        number  = {},
%        year    = {1998},
%        pages   = {},
%        OPTnote = {},
%        note    = {}
%}

%
%Article{Cactus_Balakrishna98c,
%        key     = {Balakrishna98c},
%        keyword={numrel, general}, 
%        author  = {J. Balakrishna and E. Seidel and W.-M. Suen},
%        title   = {Dynamical Evolution of Boson Stars {II}: Excited States and Self-Interacting Fields},
%        journal = {Phys. Rev. D},
%        volume  = {58},
%        number  = {},
%        year    = {1998},
%        pages   = {104004},
%        OPTnote = {PHY94-07882,PHY94-04788},
%        url = {http://arxiv.org/abs/gr-qc/9712064},
%}



@article{Cactus_Alcubierre99d,
  	keyword={numrel, general}, 
 	author = {Miguel Alcubierre and Bernd Br{\"{u}}gmann and Thomas Dramlitsch and Jose A Font and Philippos Papadopoulos and Edward Seidel and Nikolaos Stergioulas and Ryoji Takahashi},
  	title = {Towards a Stable Numerical Evolution of Strongly Gravitating Systems in   General Relativity: The Conformal Treatments},
  	journal = {Physical Review D},
  	volume = {62},
  	pages = {044034},
  	year = {2000},
  	url  = {http://arxiv.org/abs/gr-qc/0003071},  
	eprint = {gr-qc/0003071},
}


@Article{Cactus_Gundlach:2004jp,
     	keyword={numrel, general}, 
	 author    = "Gundlach, Carsten and Martin-Garcia, Jose M.",
     	title     = "Symmetric hyperbolicity and consistent boundary conditions                  for second-order {E}instein equations",
     	journal   = "Phys. Rev.",
     	volume    = "D70",
     	year      = "2004",
     	pages     = "044032",
     	url    = "http://arxiv.org/abs/gr-qc/0403019",
	eprint = {gr-qc/0403019},
     	SLACcitation  = "%%CITATION = GR-QC 0403019;%%"
}

%%%%%%%%%%%%%%%%%%%%%%%%%%%%%%%%%%%%%%%%%%%%%%%%%%%%%%%%%%%%%%%%%%%%%%%%%%%%%%%%
%%%%% H %%%%%%%%%%%%%%%%%%%%%%%%%%%%%%%%%%%%%%%%%%%%%%%%%%%%%%%%%%%%%%%%%%%%%%%%
%%%%%%%%%%%%%%%%%%%%%%%%%%%%%%%%%%%%%%%%%%%%%%%%%%%%%%%%%%%%%%%%%%%%%%%%%%%%%%%%




@misc{Cactus_shinkai-2002-,
  	keyword={numrel, general}, 
 	author = {Hisa-aki Shinkai and Gen Yoneda},
  	title = {Re-formulating the Einstein equations for stable numerical simulations:   Formulation Problem in Numerical Relativity},
  	urlpdf = {http://arxiv.org/abs/gr-qc/0209111},
	eprint = {gr-qc/0209111},
  	year = {2002}
}



@Article{Cactus_Baker00b,
  	keyword={numrel, general}, 
 	author  = {John Baker and Bernd Br{\"{u}}gmann and Manuela Campanelli and 
	Carlos O. Lousto},
  	title   = "Gravitational waves from black hole collisions via an eclectic 
	approach",
  	journal = {Class. Quantum Grav.},
  	volume  = 17,
  	year    = 2000,
  	pages   = {L149-L156},
  	url  = {http://arxiv.org/abs/gr-qc/0003027},
	eprint = {gr-qc/0003027},
  	SLACcitation = "%%CITATION = CQGRD,17,L149;%%",
}


@ARTICLE{Cactus_Diener06a,
        keyword = {general, numrel},
        author = {Peter Diener and Frank Herrmann and Denis Pollney and Erik Schnetter and Edward Seidel and Ryoji Takahashi and Jonathan Thornburg and Jason Ventrella},
        title = {Accurate Evolution of Orbiting Binary Black Holes},
        journal = {Physical Review Letters},
        volume = {96},
        pages = {121101},
        urlpdf = {http://arXiv.org/abs/gr-qc/0512108},
	eprint = {gr-qc/0512108},
        url = {http://scitation.aip.org/getabs/servlet/GetabsServlet?prog=normal&id=PRLTAO000096000012121101000001&idtype=cvips&gifs=yes},
        year = {2006}
}



@article{Cactus_Gundlach97e,
        keyword={numrel, general}, 
 author  = {C. Gundlach and J. Pullin },
        title   = {Instability of free evolution in double null coordinates},
        journal = {Class. Quantum Grav.},
        volume  = {14},
        year    = {1997},
        url = {http://arxiv.org/abs/gr-qc/9606022},
	eprint = {gr-qc/9606022},
        pages   = {991}
}


@article{Cactus_Campanelli06a,
	keyword={numrel, general},
	author = {M. Campanelli and C. O. Lousto and Y. Zlochower},
	title = {{Spin-orbit interactions in black-hole binaries}},
	address = {Texas U., Brownsville},
	pages = {9},
	month = {August}, 
	year = {2006},
	url = {http://arxiv.org/abs/astro-ph/0608275},
	eprint = {astro-ph/0608275},
}


@misc{Cactus_babiuc-2004-,
 	keyword={numrel, general}, 
 	author = {Maria Babiuc and Bela Szilagyi and Jeffrey Winicour},
  	title = {Some mathematical problems in numerical relativity},
  	url = {http://arxiv.org/abs/gr-qc/0404092},
  	year = {2004},
	eprint = {gr-qc/0404092},
}


%Article{Cactus_Camarda97d,
%        key = {Camarda97d},
%        keyword={numrel, general}, 
%        author = {K. Camarda and E. Seidel},
%        title = {Three-dimensional simulations of distorted black holes. {II}. Full {3D} results},
%        note = {In preparation}
%}

%Article{Cactus_Camarda99,
%        key = {Camarda97c},
%        keyword={numrel, general}, 
%        author = {K. Camarda and E. Seidel},
%        title = {Three-dimensional simulations of distorted black holes: {C}omparison with axisymmetric results},
%        journal = {Phys. Rev.},
%        volume  = {D59},
%        year    = 1999,
%        pages   = {064019},
%        url = {http://arxiv.org/abs/gr-qc/9805099}
%}

%inproceedings{Camarda01a,
%        key = {Camarda01a},
%        keyword={numrel, general}, 
%        author = {K. Camarda and Y. He and K. A. Bishop},
%        title = {A Parallel Chemical Reactor Simulation Using Cactus},
%        booktitle = {Proceedings of Linux Clusters: The HPC Revolution, NCSA 2001},
%        address = {},
%        publisher = {},
%        pages = {},
%        note = {},
%        year    = {2001}
%}



@Article{Cactus_Alcubierre2003:hyperbolic-slicing,
    	keyword={numrel, general}, 
 	author = {Miguel Alcubierre and Alejandro Corichi and Jose A. Gonzalez 
		and Dario Nu\~{n}ez and Marcelo Salgado},
   	 title  = "A hyperbolic slicing condition adapted to Killing fields and 
		densitized lapses",
    	journal   = "Class. Quantum Grav.",
    	volume    = 20, number = 18,
    	pages     = "3951--3968",
    	year      = 2003, 
    	month = "September",
	day =  "21",
    	url    = "http://arxiv.org/abs/gr-qc/0303069",
	eprint = {gr-qc/0303069},
}


@article{Cactus_lousto-2001-63,
  	keyword={numrel, general}, 
 	author = {C O Lousto},
 	title = {Perturbative evolution of nonlinear initial data for binary black   holes: Zerilli vs. Teukolsky},
  	journal = {Physical Review D},
  	volume = {63},
  	pages = {047504},
  	url = {http://arXiv.org/abs/gr-qc/9911109},
	eprint = {gr-qc/9911109},
  	year = {2001}
}
	


@Article{Cactus_Reimann:2003zd,
     	keyword={numrel, general}, 
 	author    = {Reimann, Bernd and Br{\"{u}}gmann, Bernd},
     	title     = "Maximal Slicing for Puncture Evolutions of {S}chwarzschild  and {R}eissner - {N}ordstrom Black Holes",
     	journal   = "Phys. Rev. D",
     	volume    = "69",
     	year      = "2004",
     	pages     = "044006",
     	url    = "http://arxiv.org/abs/gr-qc/0307036",
	eprint = {gr-qc/0307036},
}


@article{Cactus_Alcubierre2003:BBH0-excision,
        keyword={numrel, general}, 
 	author = {Miguel Alcubierre and Bernd Br{\"{u}}gmann and Peter Diener
                  and Frank Herrmann and Denis Pollney and Edward Seidel and
                  Ryoji Takahashi},
        title = "Testing excision techniques
                 for dynamical {3D} black hole evolutions",
        year = 2004,
        journal = {submitted to Phys. Rev. D},
        url = {http://arxiv.org/abs/gr-qc/0411137},
	eprint = {gr-qc/0411137},
        }

%Article{Cactus_Alcubierre04a,   
%   	keyword={numrel, general}, 
%   	author  = {M. Alcubierre and J.A. Gonzalez},
%   	title   = {Regularization of spherically symmetric evolution codes
%              in numerical relativity},
%   	journal = {Comp. Phys. Comm.},
%   	volume  = {167},
%   	pages   = {76-84},
%   	year    = {2005},
%   	url = {http://arxiv.org/abs/gr-qc/0401113}
%}



@article{Cactus_evans-2005-71,
  	keyword={numrel, general}, 
 	author ={Edwin Evans and Sai Iyer and Erik Schnetter and Wai-Mo Suen and Jian Tao and Randy Wolfmeyer and Hui-Min Zhang},
  	title = {Computational Relativistic Astrophysics With Adaptive Mesh Refinement: Testbeds},
  	journal =      {Phys. Rev. D},
  	volume =       71,
  	year =         2005,
  	pages =        {081301(R)},
  	url =       {http://arxiv.org/abs/gr-qc/0501066},
	eprint = {gr-qc/0501066},
}


@article{Cactus_szilagyi-2003-68,
  	keyword={numrel, general}, 
 	author = {Bela Szilagyi and Jeffrey Winicour},
  	title = {Well-Posed Initial-Boundary Evolution in General Relativity},
  	journal = {Physical Review D},
  	volume = {68},
  	pages = {041501},
  	url = {http://arXiv.org/abs/gr-qc/0205044},
	eprint = {gr-qc/0205044},
  	year = {2003}
}


%Article{Cactus_Thornburg98,
%  keyword={numrel, general}, 
%  author = {Jonathan Thornburg},
%  title = {A 3+1 Computational Scheme for Dynamic Spherically Symmetric Black Hole Spacetimes -- {I}: Initial Data},
%  journal = {Phys. Rev. D},
%  volume =  59,
%  year = 1999,
%  pages   = "104007",
%  url = "http://arxiv.org/abs/gr-qc/9801087",
%}

%Article{Cactus_Thornburg99,
%  keyword={numrel, general}, 
%  author = {Jonathan Thornburg},
%  title = {A 3+1 Computational Scheme for Dynamic Spherically Symmetric Black Hole Spacetimes -- {II}: Time Evolution},
%  journal = {},
%  volume =  {},
%  number = {},
%  year = {1999},
%  pages = {},
%  url = {http://arxiv.org/abs/gr-qc/9906022}
%}

%InCollection{Thornburg2000:multiple-patch-evolution,
%        keyword={numrel, general}, 
%	 author = "Jonathan Thornburg",
%        title = "A Multiple-Grid-Patch Evolution Scheme                 for {3-D} Black Hole Excision",
%	pages = "1743--1744",
%        editor    = "Vahe G. Gurzadyan and Robert T. Jantzen and Remo Ruffini",
%        booktitle = "The Ninth {M}arcel {G}rossman Meeting: On Recent Developments in Theoretical   and Experimental General Relavtivity, Gravitation, and Relativistic Field Theories",
%        publisher = "World {S}cientific",
%        address = "Singapore",
%        year = 2003,
%        url = "http://arxiv.org/abs/gr-qc/0012012",
%}



@Article{Cactus_Baker:2004wv,
     	keyword={numrel, general}, 
 	author    = "Baker, J. and Campanelli, M. and Lousto, C. O. and Takahashi, R.",
     	title     = "Coalescence remnant of spinning binary black holes",
     	journal   = "Phys. Rev.",
     	volume    = "D69",
     	year      = "2004",
     	pages     = "027505",
	url = {http://arxiv.org/abs/astro-ph/0305287},
	eprint = {astro-ph/0305287},
     	SLACcitation  = "%%CITATION = PHRVA,D69,027505;%%"
}


@article{Cactus_Alcubierre99b,
  	keyword={numrel, general}, 
 	author  = {M. Alcubierre and G. Allen and B. Br{\"{u}}gmann and G. Lanfermann and E. Seidel  and W.-M. Suen and M. Tobias},
  	title   = {Gravitational collapse of gravitational waves in {3D}             numerical relativity},
  	journal = {Phys. Rev. D},
  	volume  = {61},
  	year    = {2000},
  	pages   = {041501 (R)},
  	url    = {http://arxiv.org/abs/gr-qc/9904013},
	eprint = {gr-qc/9904013},
}


@article{Cactus_Gundlach00c,
        keyword={numrel, general}, 
 author  = {C. Gundlach and J.M. Martin-Garcia},
        title   = {Gauge-invariant and coordinate-independent perturbations of stellar                 collapse II: matching to the exterior},
        journal = {Phys. Rev. D},
        volume  = {64},
        year    = {2001},
        url= {http://arxiv.org/abs/gr-qc/0012056},
        pages   = {024012},
	eprint = {gr-qc/0012056},
}


@inCollection{Cactus_Seidel99a,
   	keyword={numrel, general}, 
 	author =    {Edward Seidel},
   	title = {{Technologies for Collaborative, Large Scale Simulation 
   in Astrophysics and a General Toolkit for solving PDE's in Science and Engineering}},
   	booktitle = {Forschung und wissenschaftliches Rechnen},
   	publisher = {Max-Planck-Gesselschaft, M{\"{u}}nchen},
        editor        = {T. Plesser and P. Wittenburg},
	OPTnote = {Heinz-Billing-Preis Essay},
  	year =      1999,
	url = {http://www.billingpreis.mpg.de/hbp98/seidel2.pdf#search=%22Technologies%20for%20Collaborative%2C%20Large%20Scale%20Simulation%22},
}


@article{Cactus_Baker99b,
        keyword={numrel, general}, 
 	author  = {J. Baker and R. Puzio},
        title   = {A new method for solving the initial value problem with                    application to multiple black holes},
        journal = {Phys. Rev. D},
        volume = {59},
        number  = {},
        year    = {1999},
        OPTnote ={},
        pages   = {044030},
	url = {http://arxiv.org/abs/gr-qc/9802006},
	eprint = {gr-qc/9802006},
}




@MISC{Cactus_Thornburg05a,
        keyword = {general, numrel},
  	author = {Jonathan Thornburg},
  	title = {Event and Apparent Horizon Finders for 3+1 Numerical Relativity},
 	urlpdf = {http://arXiv.org/abs/gr-qc/0512169},
	eprint = {gr-qc/0512169},
  	year = {2005}
}



@Article{Cactus_Gundlach97c,
       keyword={numrel, general}, 
 author = {Carsten Gundlach},
       title  = {Angular momentum at the black hole threshold},
       key    =        {Gundlach97c},
       year   =        {1998},
       url =        {http://arxiv.org/abs/gr-qc/9711079},
       journal = {Phys. Rev. D},
       volume  = {57},
	eprint = {gr-qc/9711079},
       pages   = {R7080}
}


@ARTICLE{Cactus_Sopuerta06a,
 	keyword={numrel, general}, 
  	author = {Carlos F. Sopuerta and Ulrich Sperhake and Pablo Laguna},
  	title = {Hydro-without-Hydro Framework for Simulations of Black Hole-Neutron Star  Binaries},
  	journal = {Classical and Quantum Gravity},
  	volume = {23},
  	pages = {S579},
  	urlpdf = {http://arXiv.org/abs/gr-qc/0605018},
	url = {http://www.iop.org/EJ/abstract/0264-9381/23/16/S15/},
	eprint = {gr-qc/0605018},	
	year = {2006},
}


@article{Cactus_brandt-2000-85,
 	keyword={numrel, general}, 
 	author = {Steve Brandt and Randall Correll and Roberto G\'{o}mez and Mijan Huq and Pablo Laguna and Luis Lehner and Pedro Marronetti and Richard A Matzner and David Neilsen and Jorge Pullin and Erik Schnetter and Deirdre Shoemaker and Jeffrey Winicour},
 	 title = {Grazing Collisions of Black Holes via the Excision of Singularities},
 	 journal = {Physical Review Letters},
 	 volume = {85},
 	 pages = {5496},
 	 url = {http://arXiv.org/abs/gr-qc/0009047},
	eprint = {gr-qc/0009047},
 	 year = {2000}
}



@article{Cactus_Alcubierre02a,
   	keyword={numrel, general}, 
 	author = {Miguel Alcubierre and Bernd Br{\"{u}}gmann and Peter Diener and 
	Michael Koppitz and Denis Pollney and Edward Seidel and Ryoji Takahashi},
   	title     = "Gauge conditions for long-term numerical black hole                 evolutions without excision",
   	journal = {Phys. Rev. D},
   	volume  = {67},
   	pages   = {084023},
   	year      = 2003,
   	eprint = {gr-qc/0206072},
   	url      = {http://arxiv.org/abs/gr-qc/0206072},
}


@article{Cactus_Koppitz2003:Meudon,
        keyword={numrel, general}, 
 	author = {Michael Koppitz and Miguel Alcubierre and Bernd Br{\"{u}}gmann and Ian Hawke and Denis Pollney and Edward Seidel},
        title = "Numerical evolutions of Quasi-stationary  Black Hole Initial Data",
        year = 2003,
        note = "in preparation",
}


@Article{Cactus_Schnetter04,
  	keyword={numrel, general}, 
 	author =       {Erik Schnetter and Frank Herrmann and Denis Pollney},
  	title =        {Horizon Pretracking},
  	journal =      {Phys. Rev. D},
  	year =         2005,
  	volume =       71,
  	pages =        044033,
	eprint = {gr-qc/0410081},
  	url =       {http://arxiv.org/abs/gr-qc/0410081},
}


@inproceedings{Baiotti03a,
        key     = {Baiotti03a},
        keyword={numrel, general}, 
 author  = {L. Baiotti and I. Hawke and P. Montero and L. Rezzolla},
        title = {A new three-dimensional general-relativistic        hydrodynamics code}, 
        volume    = {1},
        editor = {R. Capuzzo-Dolcetta},
        booktitle = {Computational Astrophysics in Italy: Methods and Tools},
        publisher = {Mem. Soc. Astron. It. Suppl.},
        address   = {Trieste},
        year      = 2003,
        pages     = 327,
	url = {http://sait.oat.ts.astro.it/MSAIS/1/PDF/210.pdf#search=%22A%20new%20three-dimensional%20general-relativistic%22},
}


@MISC{Cactus_Sperhake06a,
	keyword = {general, numrel},
	author = {Ulrich Sperhake},
  	title = {Binary black-hole evolutions of excision and puncture data},
  	urlpdf = {http://arXiv.org/abs/gr-qc/0606079},
	eprint = {gr-qc/0606079},
  	year = {2006}
}


@Article{Cactus_Font03,
        key     = {Font03},
        keyword={numrel, general}, 
 	author  = {J.~A. Font},
        title   = {Numerical hydrodynamics in general relativity},
        year    = {2003},
        journal = {Liv. Rev. Relativ.},
        volume  = {6},
        pages   = {4},
        url = {http://relativity.livingreviews.org/Articles/lrr-2003-4}
}



@article{Cactus_Zink2005a,
 	 keyword={numrel, general}, 
 	 author =  {Burkhard Zink and Nikolaos Stergioulas and Ian Hawke and Christian D. Ott and Erik Schnetter and Ewald M{\"{u}}ller},
 	 title =  {Black hole formation through fragmentation of toroidal polytropes},
  	year =  {2005},
  	url =  {http://arxiv.org/abs/gr-qc/0501080},
	eprint = {gr-qc/0501080},
}



@Article{Cactus_Bona:2003qn,
     keyword={numrel, general}, 
     author    = "Bona, C. and Ledvinka, T. and Palenzuela, C. and Zacek, M.",
     title     = "A symmetry-breaking mechanism for the {Z}4 general-covariant evolution system",
     journal   = "Phys. Rev. D",
     volume    = "69",
     year      = "2004",
     pages     = "064036",
     url    = "http://arxiv.org/abs/gr-qc/0307067",
	eprint = {gr-qc/0307067},
}

%Article{Cactus_Bona:2004yp,
%     keyword={numrel, general}, 
%     author    = "Bona, C. and Palenzuela, C.",
%     title     = "Dynamical shift conditions for the Z4 and BSSN hyperbolic formalisms",
%     journal   = "Phys. Rev.",
%     volume    = "D69",
%     year      = "2004",
%     pages     = "104003",
%     url    = "http://arxiv.org/abs/gr-qc/0401019",
%     SLACcitation  = "%%CITATION = GR-QC 0401019;%%"
%}

%Article{Cactus_Bona04b,
%     keyword={numrel, general}, 
%     author    = "Bona, C. and Ledvinka, T. and Palenzuela-Luque,
%                  C. and Pons, J.~A. and {\u{Z}\'{a}\u{c}}ek, M.",
%     title     = "Gauge pathologies in singularity-avoidant spacetime foliations",
%     journal   = "",
%     volume    = "",
%     year      = "2004",
%     pages     = "",
%     url    = "http://arxiv.org/abs/gr-qc/0410079",
%}




@article{Cactus_Alcubierre00a,
   	keyword={numrel, general}, 
 	author  = {M. Alcubierre and B. Br{\"{u}}gmann},
   	title   = {Simple excision of a black hole in 3+1 numerical relativity},
   	journal = {Phys. Rev. D},
   	volume  = {63},
   	year    = 2001,
   	pages   = 104006,
   	url 	 = {http://arxiv.org/abs/gr-qc/0008067},
	eprint = {gr-qc/0008067},
}



@Article{Cactus_Hawke04,
  	keyword={numrel, general}, 
 	author  = {I. Hawke and F. L{\"{o}}ffler and A. Nerozzi},
  	title   = {Excision methods for high resolution shock capturing schemes applied to general relativistic hydrodynamics},
  	year    = {2005},
  	journal = {Phys. Rev. D},
  	volume  = {71},
  	pages   = {104006},
  	url  = {http://arxiv.org/abs/gr-qc/0501054},
	eprint = {gr-qc/0501054},
}

%Article{Cactus_Hawley00,
%  keyword={numrel, general}, 
%  author = {S.~H. Hawley and M.~W. Choptuik},
%  title = {Boson Stars Driven to the Brink of Black Hole Formation},
%  OPTcrossref = {},
%  key = {Hawley00},
%  journal = {Phys. Rev. D},
%  year = {2000},
%  volume = {62},
%  OPTnumber = {},
%  pages = {104024},
%  OPTannote = {}
%}

%Article{Cactus_Hawley:2003az,
%     keyword={numrel, general}, 
%     author    = "Hawley, Scott H. and Matzner, Richard A.",
%     title     = "Tips for implementing multigrid methods on domains containing holes",
%     year      = "2003",
%     url    = "http://arxiv.org/abs/gr-qc/0306122",
%     SLACcitation  = "%%CITATION = GR-QC 0306122;%%",
%}



@article{Cactus_sperhake-2004-69,
  	keyword={numrel, general}, 
 	author = {U Sperhake and K L Smith and B Kelly and P Laguna and D Shoemaker},
 	title = {Impact of densitized lapse slicings on evolutions of a wobbling black   hole},
  	journal = {Physical Review D},
  	volume = {69},
  	pages = {024012},
  	url = {http://arXiv.org/abs/gr-qc/0307015},
	eprint = {gr-qc/0307015},
  	year = {2004}
}



@Article{Cactus_Baker:2001nu,
     	keyword={numrel, general}, 
 	author    = {Baker, J. and Br{\"{u}}gmann, B. and Campanelli, Manuela and                  Lousto, C. O. and Takahashi, R.},
     	title     = "Plunge waveforms from inspiralling binary black holes",
     	journal   = "Phys. Rev. Lett.",
     	volume    = "87",
     	year      = "2001",
     	pages     = "121103",
     	url    = "http://arxiv.org/abs/gr-qc/0102037",
	eprint = {gr-qc/0102037},
     	SLACcitation  = "%%CITATION = GR-QC 0102037;%%",
}


@MISC{Cactus_Vulcanov02,
 	keyword={numrel, general}, 
  	author = {D.~N. Vulcanov},
  	title = {Doing numerical cosmology with the Cactus code},
  	url = {http://arXiv.org/abs/gr-qc/0210006},
 	eprint = {gr-qc/0210006},
 	year = {2002}
}


@article{Cactus_Vulcanov,
	keyword = {applications, numrel, general},
        author = {Dumitru N Vulcanov and Miguel Alcubierre},
        title = {{Testing the Cactus Code on Exact Solutions of the Einstein 
		Field Equations}},
        journal = {International Journal of Modern Physics C},
        volume = {13(6)},
        pages = {805-822},
        url ={http://www.worldscinet.com/ijmpc/13/1306/S0129183102003577.html},
	urlpdf={http://xxx.lanl.gov/abs/gr-qc/0110031},
        abstract = {},
	year = {2002},
}


@article{Cactus_Gundlach97h,
        keyword={numrel, general}, 
 author  = {C. Gundlach},
        title   = {Nonspherical perturbations of critical collapse and                   cosmic censorship},
        journal = {Phys. Rev. D},
        volume  = {57},
        year    = {1998},
        url = {http://arxiv.org/abs/gr-qc/9710066},
	eprint = {gr-qc/9710066},
        pages   = {R7075}
}
        

@article{Cactus_Campanelli06c,
 	keyword={numrel, general}, 
  	author = {M. Campanelli and C. O. Lousto and Y. Zlochower},
  	title = {{The last orbit of binary black holes}},
  	journal = {Physical Review D},
  	volume = {73},
 	pages = {061501},
  	url = {http://arXiv.org/abs/gr-qc/0601091},
  	eprint = {gr-qc/0601091},
  	year = {2006},
  	month = {January},
  	address = {Texas U., Brownsville and Texas U., Brownsville, CGWA},
}	


@article{Cactus_Diener99,
        key     = {Diener99},
        keyword={numrel, general}, 
 	author  = {P. Diener and N. Jansen and A. Khokhlov and I. Novikov},
        title   = {Adaptive mesh refinement approach to construction of initial data for black hole collisions},
        journal = {Class. Quantum Grav.},
        volume  = 17,
        year    = 2000,
        pages   = {435-451},
        url  = {http://arxiv.org/abs/gr-qc/9905079},
	eprint = {gr-qc/9905079},
}


@article{Cactus_Alcubierre2003:mexico-I,
        keyword={numrel, general}, 
 	author = {Miguel Alcubierre and Gabrielle Allen and Thomas W. Baumgarte 
	and Carles Bona and David Fiske and Tom Goodale and Francisco Siddhartha 
	Guzm{\'{a}}n and Ian Hawke and Scott Hawley and Sascha Husa and Michael Koppitz
 	and Christiane Lechner and Lee Lindblom and Denis Pollney and David 
	Rideout and Marcelo Salgado and Erik Schnetter and Edward Seidel and 
	Hisa-aki Shinkai and Deirdre Shoemaker and Bela Szilagyi and Ryoji 
	Takahashi and Jeffrey Winicour},
        title = "Towards standard testbeds for numerical relativity",
        journal={Class. Quantum Grav.},
        volume={21},
        number={2},
        pages={589--613},
        year={2004},
        url   = {http://arxiv.org/abs/gr-qc/0305023},
	eprint = {gr-qc/0305023},
        }


@Article{Cactus_Masso98c,
  	keyword={numrel, general}, 
 	author = {J. Mass{\'{o}} and E. Seidel and Wai-Mo Suen and P. Walker},
  	title = {Event horizons in numerical relativity. {II}. {A}nalyzing the horizon},
  	journal = {Phys. Rev. D},
  	year = {1999},
  	volume = {59},
  	pages = {064015},
	url = {http://arxiv.org/abs/gr-qc/9804059},
	eprint = {gr-qc/9804059},
}



@misc{Cactus_nerozzi-2005-,
  	keyword={numrel, general}, 
 	author = {Andrea Nerozzi and Marco Bruni and Virginia Re and Lior M Burko},
  	title = {{Towards a Wave-extraction Method for Numerical Relativity: IV. Testing   the Quasi-Kinnersley Method in the Bondi-Sachs framework}},
  	urlpdf = {http://arxiv.org/abs/gr-qc/0507068},
	eprint = {gr-qc/0507068},
  	year = {2005}
}



@unpublished{Cactus_Diener2004:dist-bh-rotating,
        keyword={numrel, general}, 
 	author = {Peter Diener and Ryoji Takahashi and Denis Pollney
                  and Edward Seidel},
        title = {{The Evolution of 3D Rotating Distorted Black Holes}},
        note = "in preparation",
        } 


@article{Cactus_Zlochower05a,
 	keyword={numrel, general}, 
  	author = {Y. Zlochower and J.G. Baker and M. Campanelli and C.O. Lousto},
  	title = {{Accurate black hole evolutions by fourth-order numerical relativity}},
  	journal = {Physical Review D},
  	volume = {72},
  	pages = {024021},
  	url = {http://arXiv.org/abs/gr-qc/0505055},
  	eprint  = {gr-qc/0505055},
  	year = {2005},
  	month = {May},
}


% Relativity Work


@article{Cactus_Evans03a,
        keyword={numrel, general}, 
 	author = {Edwin Evans and A. Gopakumar and Philip Gressman and Sai Iyer and Mark Miller and Wai-Mo Suen and Hui-Min                  Zhang},
        title = "Head-on/{N}ear {H}ead-on {C}ollisions of {N}eutron                  {S}tars {W}ith a {R}ealistic {EOS}",
        year = 2003,
	journal = "Phys. Rev.",
        volume  = "D67",
        pages   = "104001",
        url = {http://arxiv.org/abs/gr-qc/0301011},
	eprint = {gr-qc/0301011},
 }


@inproceedings{Stergioulas03b,
        key        = {Stergioulas03b},
        keyword={numrel, general}, 
 	author        = {N. Stergioulas and I. Hawke},
        title        = {Equilibrium and Pulsations of Rotating Stars in Numerical Relativity},
        editor        = {K. D. Kokkotas and N. Stergioulas},
        booktitle = {{\it Recent Developments in Gravity}, Proceedings of the 10th Hellenic Relativity Conference},
        publisher = {World Scientific},
        address        = {Singapore},
        pages        = {185},
        year        = {2003},
}




@Article{Cactus_Baker:2003ds,
     	keyword={numrel, general}, 
 	author    = "Baker, J. and Campanelli, M. and Lousto, C. O. 
			and Takahashi, R.",
     	title     = "The final plunge of spinning binary black holes",
     	journal   = "",
     	volume    = "",
     	year      = "2003",
     	pages     = "",
	url = {http://arxiv.org/abs/astro-ph/0305287},
	eprint = {astro-ph/0305287},
     	SLACcitation  = "%%CITATION = ASTRO-PH 0305287;%%",
}


@article{Cactus_Alcubierre99a,
  	keyword={numrel, general}, 
 	author  = {M. Alcubierre and S. Brandt and B. Br{\"{u}}gmann and D. Holz 
	and E. Seidel and R. Takahashi and J. Thornburg},
  	title   = {Symmetry without Symmetry: Numerical Simulation of Axisymmetric 
	Systems using {C}artesian Grids},
  	journal = {Int. J. Mod. Phys. D},
  	volume  = {10}, number = {3},
  	year    = 2001,
  	pages   = {273-289},
  	urlpdf    = {http://arxiv.org/abs/gr-qc/9908012},
  	eprint = {gr-qc/9908012},
  	url = {http://ejournals.worldscientific.com.sg/ijmpd/10/1003/S0218271801000834.html},
  	doi = "10.1142/S0218271801000834",
  	x-note = "cartoon paper",
}


@article{Cactus_Gundlach00b,
        keyword={numrel, general}, 
 author  = {C. Gundlach and J.M. Martin-Garcia},
        title   = {Gauge-invariant and coordinate-independent perturbations of stellar                   collapse I: the interior},
        journal = {Phys. Rev. D},
        volume  = {61},
        year    = {2000},
        url    = {http://arxiv.org/abs/gr-qc/990608},
	eprint = {gr-qc/990608},
        pages   = {08024}
}


@InProceedings{Cactus_Seidel98d,
        keyword={numrel, general}, 
	author = {Edward Seidel},
        title = {A Numerical Approach to Black Holes},
        editor        = {F. Hehl},
        publisher = {Springer-Verlag},
        booktitle = {Bad Honnef Meeting on Black Holes},
	OPTnote = {},
        year = {1998}
}


@article{Cactus_Baker99a,
        keyword={numrel, general}, 
 	author  = {J. Baker and S.~R. Brandt and M. Campanelli and  C.~O. Lousto 
	and E. Seidel and R. Takahashi},
        title   = {Nonlinear and perturbative evolution of distorted black holes: 
	Odd-parity Modes},
        journal = {Phys. Rev. D}, 
        volume = {62},
        number  = {},
        year    = {2000},
        OPTnote = {AEI-2000-52},
        pages   = {127701},
        url    = {http://arxiv.org/abs/gr-qc/9911017},
	eprint = {gr-qc/9911017},
     SLACcitation  = "%%CITATION = PHRVA,D62,127701;%%",
}


@MISC{Cactus_Herrmann06a,
        keyword = {general, numrel},
  	author = {F. Herrmann and D. Shoemaker and P. Laguna},
  	title = {Unequal-Mass Binary Black Hole Inspirals},
  	urlpdf = {http://arXiv.org/abs/gr-qc/0601026},
	eprint = {gr-qc/0601026},
  	year = {2006}
}



@Article{Cactus_Gundlach97b,
        key = {Gundlach97b},
        keyword={numrel, general},  
	author = {Carsten Gundlach},
        title =  {Nonspherical perturbations of critical collapse and cosmic censorship},
        year =  {1998},
        url =  {http://arxiv.org/abs/gr-qc/9710066},
	eprint = {gr-qc/9710066},
}

                  

@ARTICLE{Cactus_Schnetter06a,
 	keyword={numrel, general}, 
  	author = {Erik Schnetter and Peter Diener and Ernst Nils Dorband and Manuel Tiglio},
  	title = {A multi-block infrastructure for three-dimensional time-dependent  numerical relativity},
  	journal = {Classical and Quantum Gravity},
  	volume = {23},
  	pages = {S553},
  	urlpdf = {http://arXiv.org/pdf/gr-qc/0602104},
	url = {http://www.iop.org/EJ/abstract/0264-9381/23/16/S14/},
	eprint = {gr-qc/0602104},
  	year = {2006},
}


@article{Cactus_Brandt02a,
  	keyword={numrel, general}, 
 	author =       {S. Brandt and K. Camarda and E. Seidel and                  R. Takahashi},
  	title =        {Three Dimensional Distorted Black Holes},
  	journal =      {Class. Quantum Grav.},
  	volume =       {20},
  	pages =        {1-20},
  	year =         2003,
  	url =         {http://arxiv.org/abs/gr-qc/0206070},
	eprint = {gr-qc/0206070},
}



@article{Cactus_Alcubierre01a,
   	keyword={numrel, general}, 
 	author  = {Miguel Alcubierre and Bernd Br{\"{u}}gmann and Denis Pollney and Edward Seidel and Ryoji Takahashi},
   	title   = {Black hole excision for dynamic black holes},
   	journal = {Phys. Rev. D},
   	volume  = {64},
   	pages   = {061501(R)},
   	year    = {2001},
   	url    = {http://arxiv.org/abs/gr-qc/0104020},
	eprint = {gr-qc/0104020},
}


@Article{Cactus_Jin06a,
     	keyword={numrel, general}, 
 	author    = "Ke-Jian Jin and Wai-Mo Suen",
     	title     = "Critical Phenomena in Head-on Collisions of Neutron Stars",
     	year      = "2006",
     	url = "http://arxiv.org/abs/gr-qc/0603094",
	eprint = {gr-qc/0603094},
}





@article{Cactus_Schnetter-etal-03b,
  	keyword={numrel, general}, 
 	author =       {Erik Schnetter and Scott H. Hawley and Ian Hawke},
  	title =        {Evolutions in {3D} numerical relativity using fixed
                  mesh refinement},
  	year =         2004,
  	month =        "March 21 ",
  	journal =      "Class. Quantum Grav.",
  	volume =       21,
  	number =       6,
  	pages =        "1465--1488",
  	url =       "http://arxiv.org/abs/gr-qc/0310042",
	eprint = {gr-qc/0310042},
}


@misc{Cactus_ashtekar-2005-,
  	keyword={numrel, general}, 
 	author = {Abhay Ashtekar and Gregory J Galloway},
  	title = {Some uniqueness results for dynamical horizons},
  	url = {http://arXiv.org/abs/gr-qc/0503109},
	eprint = {gr-qc/0503109},
  	year = {2005}
}


@MISC{Cactus_Baiotti06b,
	keyword = {general, numrel},
  	author = {Luca Baiotti and Luciano Rezzolla},
  	title = {{Challenging the paradigm of singularity excision in gravitational  collapse}},
  	url = {http://arXiv.org/abs/gr-qc/0608113},
	eprint = {gr-qc/0608113},
  	year = {2006},
	abstract = {},
}



@article{Cactus_Font01b, 
  	keyword={numrel, general}, 
 	author = {Jose. A. Font and Tom Goodale and  Sai Iyer and Mark Miller and Luciano Rezzolla and Edward Seidel and Nikolaos Stergioulas and Wai-Mo Suen and Malcolm Tobias},
  	title = {Three-dimensional general relativistic hydrodynamics. {II}.  {L}ong-term dynamics of single relativistic stars},
  	journal = {Phys. Rev. D},
  	volume  = 65,
  	year    = 2002,
  	pages   = {084024},
  	url = {http://arxiv.org/abs/gr-qc/0110047},
	eprint = {gr-qc/0110047},
}


%Article{Cactus_Font02a,
%        key     = {Font02a},
%        keyword={numrel, general}, 
%	 author  = {J.~A. Font and Frederic Daigne},
%        title   = {The runaway instability of thick discs around black holes - {I}. The constant angular momentum case},
%        year    = {2002},
%        journal = {MNRAS},
%        volume  = {334},
%        pages   = {383-400},
%        note  = {}
%}

%
%Article{Cactus_Font02b,
%        key     = {Font02b},
%        keyword={numrel, general}, 
%	 author  = {J.~A. Font and Frederic Daigne},
%        title   = {On the stability of thick accretion disks around black holes},
%        year    = {2002},
%        journal = {Astrophys.J},
%        volume  = {581},
%        pages   = {L23-L26},
%        note  = {}
%}

%Article{Cactus_Font02c,
%        key     = {Font02c},
%        keyword={numrel, general}, 
%	 author  = {J.~A. Font and T. Goodale and I. Sai and M. Miller and L. Rezzolla and E. Seidel and N. Stergioulas and W. M. Suen and M. Tobias},
%        title   = {},
%        year    = {2002},
%        journal = {Phys. Rev. D},
%        volume  = {65},
%        pages   = {084024},
%        note  = {}
%        
%}


@article{Cactus_tiglio-2004-70,
  	keyword={numrel, general}, 
  	author = {Manuel Tiglio and Luis Lehner and David Neilsen},
  	title = {3D simulations of Einstein's equations: symmetric hyperbolicity, live   gauges and dynamic control of the constraints},
  	journal = {Physical Review D},
  	volume = {70},
  	pages = {104018},
  	url = {http://arXiv.org/abs/gr-qc/0312001},
	eprint = {gr-qc/0312001},
  	year = {2004}
}



@article{Cactus_Balakrishna2004a,
         keyword={numrel, general}, 
	 author = {J. Balakrishna and R. Bondarescu and G. Daues and F. S. Guzm{\'{a}}n and E. Seidel},
         title = {{Evolution of 3D Boson Stars with Waveform Extraction}},
         year = {2005},
         note = {(Submitted)},
	url = {http://arxiv.org/abs/gr-qc/0602078},
	eprint = {gr-qc/0602078},
}

%Article{Cactus_Bona:2002fq,
%     keyword={numrel, general}, 
%     author    = "Bona, C. and T. , Ledvinka. and Palenzuela, C.",
%     title     = "A 3+1 covariant suite of numerical relativity evolution systems",
%     journal   = "Phys. Rev. D",
%     volume    = "66",
%     year      = "2002",
%     pages     = "084013",
%     url    = "http://arxiv.org/abs/gr-qc/0208087",
%}

%Article{Cactus_Bona:2003fj,
%     keyword={numrel, general}, 
%     author    = "Bona, C. and Ledvinka, T. and Palenzuela, C. and Zacek, M. ",
%     title     = "General-covariant evolution formalism for Numerical Relativity",
%     journal   = "Phys. Rev. D",
%     volume    = "67",
%     year      = "2003",
%     pages     = "104005",
%     url    = "http://arxiv.org/abs/gr-qc/0302083",
%}


@article{Cactus_Alcubierre99e,
   	keyword={numrel, general}, 
 	author  = {M. Alcubierre and G. Allen and B. Br{\"{u}}gmann and E. Seidel and W.-M. Suen},
   	title   = {Towards an understanding of the stability properties              of the 3+1 evolution equations in general relativity},
   	journal = {Phys. Rev. D},
   	volume  = {62},
   	year    = 2000,
   	pages   = 124011,
   	url  = {http://arxiv.org/abs/gr-qc/9908079},
	eprint = {gr-qc/9908079},
}



@article{Cactus_hannam-2005-72,
  	keyword={numrel, general}, 
 	author = {Mark D Hannam},
  	title = {Quasi-circular orbits of conformal thin-sandwich puncture binary black   holes},
  	journal = {Physical Review D},
  	volume = {72},
  	pages = {044025},
  	url = {http://arXiv.org/abs/gr-qc/0505120},
	eprint = {gr-qc/0505120},
  	year = {2005}
}



@article{Cactus_shoemaker-2003-20,
  	keyword={numrel, general}, 
 	author = {D Shoemaker and K Smith and U Sperhake and P Laguna and E Schnetter and D Fiske},
  	title = {Moving black holes via singularity excision},
  	journal = {Classical and Quantum Gravity},
  	volume = {20},
  	pages = {3729},
  	url = {http://arXiv.org/abs/gr-qc/0301111},
	eprint = {gr-qc/0301111},
  	year = {2003}
}



@article{Cactus_Baker00c,
        keyword={numrel, general}, 
 	author  = {J. Baker and S.~R. Brandt and M. Campanelli and C.~O. Lousto 
	and E. Seidel and R. Takahashi},
        title   = {Nonlinear and perturbative evolution of distorted black holes: 
	Odd-parity Modes},
        journal = {Phys. Rev.}, 
        volume = {D62},
        number  = {},
        year    = {2000},
        OPTnote = {AEI-2000-52},
        pages   = {127701},
        url = {http://arxiv.org/abs/gr-qc/9911017},
	eprint = {gr-qc/9911017},
     	SLACcitation  = "%%CITATION = PHRVA,D62,127701;%%",
}


@Article{Cactus_Bona98,
 	keyword={numrel, general}, 
	author = {Carles Bona and Joan Mass{\'{o}} and Edward Seidel and Paul Walker},
  	title = {Three Dimensional Numerical Relativity with a Hyperbolic Formulation},
  	url = {http://arXiv.org/abs/gr-qc/9804052},
	eprint = {gr-qc/9804052},
  	year = {1998}
}


@article{Cactus_Gundlach97f,
        keyword={numrel, general}, 
 author  = {C. Gundlach},
        title   = {Understanding critical collapse of a scalar field},
        journal = {Phys. Rev. D},
        volume  = {55},
        year    = {1997},
        pages   = {695},
        url = {http://arxiv.org/abs/gr-qc/9604019},
	eprint = {gr-qc/9604019},
}
        

@article{Cactus_Campanelli06b,
 	keyword={numrel, general}, 
  	author = {M. Campanelli and C. O. Lousto and Y. Zlochower},
  	title = {{Spinning-black-hole binaries: The orbital hang up}},
  	journal = {Physical Review D},
  	volume = {74},
  	address = {Texas U., Brownsville and Texas U., Brownsville, CGWA},
  	pages = {041501},
  	url = {http://arXiv.org/abs/gr-qc/0604012},
  	year = {2006},
  	month = {April},
  	eprint = {gr-qc/0604012}, 	
}


@article{Cactus_choptuik-2003-68,
  	keyword={numrel, general}, 
 	author = {M W Choptuik and L Lehner and I Olabarrieta and R Petryk and F Pretorius and H Villegas},
  	title = {Towards the Final Fate of an Unstable Black String},
  	journal = {Physical Review D},
  	volume = {68},
  	pages = {044001},
  	url = {http://arXiv.org/abs/gr-qc/0304085},
	eprint = {gr-qc/0304085},
  	year = {2003}
}


@Article{Cactus_Alcubierre03c,   
   	keyword={numrel, general}, 
 	author  = {M. Alcubierre and A. Corichi and J.A. Gonzalez and D. 
	Nu\~{n}ez and M. Salgado},
   	title   = {Hyperbolicity of the {KST} formulation of {E}instein's
              equations coupled to a modified {B}ona-{M}asso slicing condition},
   	journal = {Phys. Rev. D},
   	volume  = {67},
   	pages   = {104021},
   	year    = {2003},
   	url  = {http://arxiv.org/abs/gr-qc/0303086},
	eprint = {gr-qc/0303086},
}


@article{Cactus_marronetti-2005-22,
  	keyword={numrel, general}, 
  	author = {Pedro Marronetti},
  	title = {Hamiltonian Relaxation},
  	journal = {Classical and Quantum Gravity},
  	volume = {22},
  	pages = {2433},
  	doi = {doi:10.1088/0264-9381/22/12/009},
  	year = {2005},
  	url = {http://arxiv.org/abs/gr-qc/0501043},
	eprint = {gr-qc/0501043},
}


@Article{Cactus_Reimann:2004pn,
     	keyword={numrel, general}, 
 	author    = {Reimann, Bernd and Br{\"{u}}gmann, Bernd},
     	title     = "Late time analysis for maximal slicing of 
                  {R}eissner-{N}ordstrom puncture evolutions",
     	journal   = "Phys. Rev. D",
     	volume    = "69",
     	year      = "2004",
     	pages     = "124009",
	eprint = {gr-qc/0401098},
     	url    = "http://arxiv.org/abs/gr-qc/0401098",
}

%Article{Cactus_Reimann:2004yf,
%     keyword={numrel, general}, 
%     author    = "Reimann, Bernd",
%     title     = "How Slice Stretching arises when Maximally Slicing the
%                  Schwarzschild Spacetime with Vanishing Shift",
%     year      = "2004",
%     url    = "http://arxiv.org/abs/gr-qc/0404118",
%     SLACcitation  = "%%CITATION = GR-QC 0404118;%%"
%}


@article{Cactus_alcubierre-2001-64,
 	keyword={numrel, general}, 
 	author = {Miguel Alcubierre and Bernd Br{\"{u}}gmann and Denis Pollney 
	and Edward Seidel and Ryoji Takahashi},
  	title = {{Black Hole Excision for Dynamic Black Holes}},
  	journal = {Physical Review D},
  	volume = {64},
  	pages = {061501},
  	url = {http://arxiv.org/abs/gr-qc/0104020},
	eprint = {gr-qc/0104020},
  	year = {2001}
}

%Article{Cactus_Alcubierre:2005gw,
%     keyword={numrel, general}, 
%     author    = "Alcubierre, M.",
%     title     = "Are gauge shocks really shocks?",
%     year      = "2005",
%     url    = "http://arxiv.org/abs/gr-qc/0503030",
%     SLACcitation  = "%%CITATION = GR-QC 0503030;%%",
%     url = "http://arxiv.org/abs/gr-qc/0503030"
%}


@MISC{Cactus_Manca07a,
	keyword = {general, numrel},
  	author = {G.~M. Manca and L. Baiotti and R. {De Pietri} and L. Rezzolla},
  	title = {Dynamical non-axisymmetric instabilities in rotating relativistic stars},
  	url = {http://arxiv.org/abs/0705.1826},
  	year = {2007},
}


@article{Cactus_fiske-2004-69,
 	 keyword={numrel, general}, 
 	 author = {David R Fiske},
 	 title = {Toward Making the Constraint Hypersurface an Attractor in Free Evolution},
 	 journal = {Physical Review D},
 	 volume = {69},
 	 pages = {047501},
 	 url = {http://arXiv.org/abs/gr-qc/0304024},
	eprint = {gr-qc/0304024},
 	 year = {2004}
}

%Article{Cactus_Fiske05,
%  	keyword={numrel, general}, 
%  	author = {David R. Fiske and John G. Baker and James R. van Meter and {Dae-Il} Choi and Joan M. Centrella},
%  	title = {Wave zone extraction of gravitational radiation in three-dimensional numerical relativity},
%  	journal = {Phys. Rev. D},
%  	year = {2005},
%  	volume ={71},
%  	pages = {104036},
%  	url = {http://arxiv.org/abs/gr-qc/0503100}
%}


@article{Cactus_Thornburg2003:AH-finding,
        keyword={numrel, general}, 
 	author = "Jonathan Thornburg",
        title  = {{A Fast Apparent-Horizon Finder for 3-Dimensional {C}artesian Grids in Numerical Relativity}},
        journal = "Class. Quantum Grav.",
        volume = 21, number = 2,
        year   = "2004", 
	month = "January",
	day = "21",
        pages  = "743--766",
        doi    = "10.1088/0264-9381/21/2/026",
        url    = "http://stacks.iop.org/0264-9381/21/743",
        urlpdf = "http://arxiv.org/abs/gr-qc/0306056",
	eprint = {gr-qc/0306056},
        }


%Article{Cactus_Thornburg2004:multipatch-BH-excision,
%        keyword={numrel, general}, 
%	 author = "Jonathan Thornburg",
%        title  = "Black Hole Excision with Multiple Grid Patches",
%        journal = "Class. Quantum Grav.",
%        volume = 21, number = 15,
%        year   = 2004, 
%	month = "7 August",
%        pages  = "3665--3691",
%        doi    = "10.1088/0264-9381/21/15/004",
%        url    = "http://stacks.iop.org/0264-9381/21/3665",
%        url = "http://arxiv.org/abs/gr-qc/0404059",
%}


@article{Cactus_Baker2003:Lazarus,
        keyword={numrel, general}, 
 	author  = {Miguel Alcubierre and John Baker and and Bernd Br{\"{u}}gmann and Manuela Campanelli and Peter Diener and Frank Herrmann and Carlos O. Lousto and Denis Pollney and Edward Seidel},
        title = {Gravitational waveforms from black hole collisions},
        year = {2003},
        note = {in preparation},
        }


@article{Cactus_Alcubierre99c,
  	keyword={numrel, general}, 
 	author  = {M. Alcubierre and B. Br{\"{u}}gmann and M. Miller              and W.-M. Suen},
  	title   = {A Conformal Hyperbolic Formulation of the {E}instein Equations},
  	journal = {Phys. Rev. D},
  	volume  = {60},
  	year    = 1999,
  	pages   = 064017,
  	url    = {http://arxiv.org/abs/gr-qc/9903030},  
	eprint = {gr-qc/9903030},
}



@article{Cactus_Gundlach04a,
        keyword={numrel, general}, 
 author  = {C. Gundlach and J.M. Martin-Garcia},
        title   = {Symmetric hyperbolic form of systems of second-order		   evolution equations subject to constraints},
        journal = {Phys. Rev.},
        volume  = {D70},
        year    = {2004},
        url  = {http://arxiv.org/abs/gr-qc/0402079},
	eprint = {gr-qc/0402079},
        pages   = {044031}
}


@article{Cactus_Seidel99b,
        key = {Seidel99b},
        keyword={numrel, general}, 
 	author = {Edward Seidel},
        title = {Black {H}ole {C}oalescence and {M}ergers: {R}eview, {S}tatus, and ``{W}here are {W}e {H}eading?''},
        journal = {Prog. Theor. Phys. Suppl.},
        volume = {136},
        year = {1999},
        pages = {87--106},
        url   = {http://ptp.ipap.jp/link?PTPS/136/87/},

}


@article{Cactus_Baker00a,
        keyword={numrel, general}, 
 	author  = {J. Baker and M. Campanelli},
        title   = {Making use of geometrical invariants in black hole collisions},
        journal = {Phys. Rev. D}, 
        volume = {62},
        number  = {},
        year    = {2000},
        OPTnote = {AEI-2000-016},
        pages   = {127501},
        urlpdf = {http://arxiv.org/abs/gr-qc/0003031},
	eprint = {gr-qc/0003031},
}


@MISC{Cactus_Diener05a,
        keyword = {general, numrel},
  	author = {Peter Diener and Ernst Nils Dorband and Erik Schnetter and Manuel Tiglio},
  	title = {New, efficient, and accurate high order derivative and dissipation  operators satisfying summation by parts, and applications in  three-dimensional multi-block evolutions},
  	urlpdf = {http://arXiv.org/abs/gr-qc/0512001},
	eprint = {gr-qc/0512001}, 
  	year = {2005}
}



@article{Cactus_Gundlach97d,
        key     = {Gundlach97d},
        keyword={numrel, general}, 
 author  = {Carsten Gundlach},
        title   = {Critical phenomena in gravitational collapse},
        journal = {Adv. Theor. Math. Phys},
        volume  = {2},
        year    = {1998},
        url= {http://arxiv.org/abs/gr-qc/9712084},
	eprint = {gr-qc/9712084},
        pages   = {1}
}


@ARTICLE{Cactus_Schnetter06b,
 	keyword={numrel, general}, 
  	author = {Erik Schnetter and Badri Krishnan and Florian Beyer},
  	title = {Introduction to dynamical horizons in numerical relativity},
  	journal = {Physical Review D},
  	volume = {74},
  	pages = {024028},
  	urlpdf = {http://arXiv.org/abs/gr-qc/0604015},
	url = {http://scitation.aip.org/getabs/servlet/GetabsServlet?prog=normal&id=PRVDAQ000074000002024028000001&idtype=cvips&gifs=yes},
	eprint = {gr-qc/0604015},
  	year = {2006}
}


@article{Cactus_Bruegmann99b,
   	keyword={numrel, general}, 
 	author =  {B. Br{\"{u}}gmann},
   	title =   {Numerical relativity in 3+1 dimensions},
   	journal = {Ann. Phys. (Leipzig)},
   	volume = {9},
  	pages = {227-246},
   	year = {2000},
   	url = {http://arxiv.org/abs/gr-qc/9912009},
	eprint = {gr-qc/9912009},
}




@article{Cactus_Alcubierre02c,
  	keyword={numrel, general}, 
 	author = {Miguel Alcubierre and F Siddhartha Guzm{\'{a}}n and Tonatiuh Matos 
	and Dario Nu\~{n}ez and L Arturo Urena-Lopez and Petra Wiederhold},
  	title =        {Galactic collapse of scalar field dark matter},
  	journal =      {Class. Quantum Grav.},
  	volume =       19,
  	number =       19,
  	pages =        {5017--5024},
  	year =         2002,
	url = {http://www.iop.org/EJ/abstract/0264-9381/19/19/314},
}


@article{Cactus_lehner-2004-21,
  	keyword={numrel, general}, 
 	author = {Luis Lehner and David Neilsen and Oscar Reula and Manuel Tiglio},
  	title = {The discrete energy method in numerical relativity: Towards long-term   stability},
  	journal = {Classical and Quantum Gravity},
  	volume = {21},
  	pages = {5819},
  	url = {http://arXiv.org/abs/gr-qc/0406116},
	eprint = {gr-qc/0406116},
  	year = {2004}
}




@misc{Cactus_Seidel98b,
        keyword={numrel, general}, 
 	author = {Edward Seidel},
        title  = {Numerical Relativity: Towards Simulations of 3{D}
                 Black Hole Coalescence},
        editor        = {N. Dadich},
        booktitle = {Proceedings of GR15},
        year = {1998},
	url = {http://arxiv.org/abs/gr-qc/9806088},
	eprint = {gr-qc/9806088},
}


@Article{Cactus_Baiotti04,
   	key     = {Baiotti04},
   	keyword={numrel, general}, 
 	author  = {Luca Baiotti and Ian Hawke and Pedro J. Montero and Frank L{\"{o}}ffler and Luciano Rezzolla and Nikolaos Stergioulas and Jose A. Font and Ed Seidel},
   	title   = {Three-dimensional relativistic simulations of rotating neutron star collapse to a Kerr black hole},
   	journal = {Phys. Rev. D},
   	volume  = {71},
   	year    = {2005},
   	pages   = {024035},
   	url  = {http://arxiv.org/abs/gr-qc/0403029},
	eprint = {gr-qc/0403029},
}


@Article{Cactus_Dorband:2006gg,
	keyword = {general, numrel},
     	author    = "Dorband, Ernst Nils and Berti, Emanuele and Diener, Peter
                  and Schnetter, Erik and Tiglio, Manuel",
     	title     = "A numerical study of the quasinormal mode excitation of
                  Kerr black holes",
     	year      = "2006",
     	eprint    = "gr-qc/0608091",
	url =  {http://arxiv.org/abs/gr-qc/0608091},
    	SLACcitation  = "%%CITATION = GR-QC 0608091;%%"
}


@article{Cactus_gressman-2002-66,
  	keyword={numrel, general}, 
 	author = {Philip Gressman and Lap-Ming Lin and Wai-Mo Suen and N Stergioulas and John L Friedman},
  	title = {Nonlinear r-Modes in Neutron Stars: Instability of an unstable mode},
  	journal = {Physical Review D},
  	volume = {66},
  	pages = {041303R},
  	url = {http://arXiv.org/abs/gr-qc/0301014},
	eprint = {gr-qc/0301014},
  	year = {2002}
}



@article{Cactus_zlochower-2003-68,
  	keyword={numrel, general}, 
  	author = {Yosef Zlochower and Roberto G\'{o}mez and Sascha Husa and Luis Lehner and Jeffrey Winicour},
  	title = {Mode coupling in the nonlinear response of black holes},
  	journal = {Physical Review D},
  	volume = {68},
  	pages = {084014},
  	url = {http://arXiv.org/abs/gr-qc/0306098},
	eprint = {gr-qc/0306098},
  	year = {2003}
}



@Article{Cactus_Bondarescu02,
  	keyword = 	{numrel, general}, 
 	author =       {M. Bondarescu and M. Alcubierre and E. Seidel},
  	title =        {Isometric embeddings of black hole horizons in three-dimensional flat space},
  	journal =      {Class. Quantum Grav.},
  	year =         2002,
  	volume =       19, 
	number = 	2,
  	month  =       {January},
	day = 		{21},
  	pages =        {375-392},
  	urlpdf =       {http://arxiv.org/abs/gr-qc/0109093},
	eprint = 	{gr-qc/0109093},
  	url    =       {http://stacks.iop.org/0264-9381/19/375},
}



@article{Cactus_alcubierre-2000-61,
  	keyword={numrel, general}, 
 	author = {Miguel Alcubierre and Gabrielle Allen and Bernd Br{\"{u}}gmann and Gerd Lanfermann and Edward Seidel and Wai-Mo Suen and Malcolm Tobias},
  	title = {Gravitational Collapse of Gravitational Waves in 3D Numerical Relativity},
  	journal = {Physical Review D},
  	volume = {61},
  	pages = {041501},
  	url = {http://arXiv.org/abs/gr-qc/9904013},
	eprint = {gr-qc/9904013},
  	year = {2000},
}



@article{Cactus_husa-2002-604,
  	keyword={numrel, general}, 
 	author = {Sascha Husa},
  	title = {Problems and Successes in the Numerical Approach to the Conformal Field   Equations},
  	journal = {LECT.NOTES PHYS.},
  	volume = {604},
  	pages = {239},
  	url = {http://arXiv.org/abs/gr-qc/0204043},
	eprint = {gr-qc/0204043},
  	year = {2002}
}



@article{Cactus_sperhake-2005-71,
  	keyword={numrel, general}, 
 	author = {U Sperhake and B Kelly and P Laguna and K L Smith and E Schnetter},
  	title = {Black hole head-on collisions and gravitational waves with fixed   mesh-refinement and dynamic singularity excision},
  	journal = {Physical Review D},
  	volume = {71},
  	pages = {124042},
  	url = {http://arXiv.org/abs/gr-qc/0503071},
	eprint = {gr-qc/0503071},
  	year = {2005}
}


@Article{Cactus_Baker:2001sf,
     	keyword={numrel, general}, 
 	author    = "Baker, John and Campanelli, Manuela and Lousto, Carlos O.",
     	title     = "The {L}azarus project: A pragmatic approach to binary black                  hole  evolutions",
     	journal   = "Phys. Rev. D",
     	volume    = "65",
     	year      = "2002",
     	pages     = "044001",
     	url    = "http://arxiv.org/abs/gr-qc/0104063",
	eprint = {gr-qc/0104063},
     	SLACcitation  = "%%CITATION = GR-QC 0104063;%%",
}


@Article{Cactus_Husa04,
 keyword={numrel, general}, 
	author = {Sascha Husa and Ian Hinder and Christiane Lechner},
  	title = {Kranc: a Mathematica application to generate numerical codes for   tensorial evolution equations},
	urlpdf = {http://arxiv.org/abs/gr-qc/0404023},
	eprint = {gr-qc/0404023},
	year = {2004},
}


@article{Cactus_Gundlach98a,
        key = {Gundlach98a},
        keyword={numrel, general}, 
 author = {C. Gundlach and P. Walker},
        title = {Causal differencing of flux-conservative equations                applied to black hole spacetimes},
        journal = {Class. Quantum Grav.},
        volume  = {16},
        year    = {1999},
        pages   = {991-1010},
        url = {http://arxiv.org/abs/gr-qc/9809021},
	eprint = {gr-qc/9809021},
}



@article{Cactus_Campanelli06d,
 	keyword={numrel, general}, 
  	author = {M. Campanelli and C. O. Lousto and P. Marronetti and Y. Zlochower},
  	title = {{Accurate Evolutions of Orbiting Black-Hole Binaries Without Excision}},
  	journal = {Physical Review Letters},
  	volume = {96},
  	pages = {111101},
  	url = {http://arXiv.org/abs/gr-qc/0511048},
  	eprint = {gr-qc/0511048},
  	year = {2006},
}
  

@article{Cactus_Diener03a,
        keyword={numrel, general}, 
 	author  = {P. Diener},
        title   = {A New General Purpose Event Horizon Finder for {3D} Numerical Spacetimes},
        journal = {Class. Quantum Grav.},
        volume  = 20,
        number  = 22,
        year    = 2003,
        pages   = {4901-4917},
        url  = {http://arxiv.org/abs/gr-qc/0305039},
	eprint = {gr-qc/0305039},
}

%Article{Cactus_Dimmelmeier01,
%   	keyword={numrel, general}, 
%   	author = {H. Dimmelmeier and J.~A. Font and E. M{\"{u}}ller},
%   	title =  {Gravitational Waves from Relativistic Rotational Core Collapse},
%   	journal = {Astrophys. J. Lett.},
%   	year = {2001},
%   	OPTkey = {},
%   	volume = {560},
%   	OPTnumber = {},
%   	pages = {L163--166},
%   	OPTmonth = {},
%   	OPTnote = {},
%   	OPTannote = {}
%}

%Article{Cactus_Dimmelmeier02a,
%  	keyword={numrel, general}, 
%  	author = {H. Dimmelmeier and J.~A. Font and E. M{\"{u}}ller},
%  	title =  {Relativistic simulations of rotational core collapse. {I}. {M}ethods, initial models, and code tests},
%  	journal = {Astron. Astrophys.},
%  	year = {2002},
%  	OPTkey = {},
%  	volume = {388},
%  	OPTnumber = {},
%  	pages = {917--935},
%  	OPTmonth = {},
%  	OPTnote = {},
%  	OPTannote = {}
%}

%Article{Cactus_Dimmelmeier02b,
%  	keyword={numrel, general}, 
%  	author = {H. Dimmelmeier and J.~A. Font and E. M{\"{u}}ller},
%  	title = {Relativistic simulations of rotational core collapse. {II}. {C}ollapse dynamics and gravitational radiation},
%  	journal = {Astron. Astrophys.},
%  	year = {2002},
%  	OPTkey = {},
%  	volume = {393},
%  	OPTnumber = {},
%  	pages = {523--542},
%  	OPTmonth = {},
%  	OPTnote = {},
%  	OPTannote = {}
%}


@article{Cactus_Alcubierre2003:pre-ISCO-coalescence-times,
        keyword={numrel, general}, 
 	author = {Miguel Alcubierre and Bernd Br{\"{u}}gmann and Peter Diener and 
	Francisco Siddhartha Guzm{\'{a}}n and Ian Hawke and Scott Hawley and Frank 
	Herrmann and Michael Koppitz and Denis Pollney and Edward Seidel and 
	Jonathan Thornburg},
        title = "Dynamical evolution of quasi-circular binary black hole data",
        journal = "Physical Review D",
	year	= 2005, 
	month = "August 5",
	volume	= 72,
	pages	= "044004 (14 pages)",
	url     = "http://link.aps.org/abstract/PRD/v72/e044004",
	doi	= "10.1103/PhysRevD.72.044004",
        urlpdf	= "http://arxiv.org/abs/gr-qc/0411149",
	eprint = {gr-qc/0411149},
        }


@article{Cactus_miller-2001-63,
  	keyword={numrel, general}, 
 	author = {Mark Miller and Wai-Mo Suen and Malcolm Tobias},
  	title = {The Shapiro Conjecture: Prompt or Delayed Collapse in the head-on collision of neutron stars?},
  	journal = {Physical Review D},
  	volume = {63},
  	pages = {121501},
  	url = {http://arXiv.org/abs/gr-qc/9904041},
	eprint = {gr-qc/9904041},
  	year = {2001},
}


%Article{Cactus_Miller01b,
%        key     = {Miller01b},
%        keyword={numrel, general}, 
%	 author  = {M. Miller},
%        title   = {General Relativistic Initial Data for the Binary      Black Hole / Neutron Star System in Quasicircular Orbit},
%        OPTjournal = {Phys. Rev. D., submitted },
%        year    = 2001,
%        url = {http://arxiv.org/abs/gr-qc/0106017}
%}



